
@online{noauthor_hfxbsenixos-config_nodate,
	title = {hfxbse/nixos-config at derivation/flaketex},
	url = {https://github.com/hfxbse/nixos-config/tree/derivation/flaketex},
	urldate = {2025-01-11},
	file = {hfxbse/nixos-config at derivation/flaketex:/home/fxbse/Zotero/storage/UKCXXYMP/flaketex.html:text/html},
}

@misc{frech_leitlinien_2016,
	title = {Leitlinien für die Bearbeitung und Dokumentation},
	url = {https://www.dhbw.de/fileadmin/user_upload/Dokumente/Dokumente_fuer_Studierende/Leitlinien_fuer_die_Bearbeitung_und_Dokumentation_Fakultaet_Technik_Okt_2017.pdf},
	publisher = {Duale Hochschule Baden-Württemberg, Fachkommission Technik},
	author = {Frech, Joachim and Mühlhan, Claus},
	urldate = {2025-01-11},
	date = {2016-05},
	langid = {german}
}

@online{noauthor_download_nodate,
	title = {Download {\textbar} Nix \& {NixOS}},
	url = {https://nixos.org/download/},
	urldate = {2025-01-11},
	file = {Download | Nix & NixOS:/home/fxbse/Zotero/storage/4L9DE93G/download.html:text/html},
}

@online{noauthor_project_nodate,
	title = {Project {IDX}},
	url = {https://idx.dev},
	abstract = {Project {IDX} is an entirely web-based workspace for full-stack application development, complete with the latest generative {AI} from Gemini, and full-fidelity app previews, powered by cloud emulators.},
	urldate = {2025-01-11},
	langid = {english},
	file = {Snapshot:/home/fxbse/Zotero/storage/CN3W8UIN/idx.dev.html:text/html},
}

@online{noauthor_github_2025,
	title = {{GitHub} Codespaces},
	url = {https://github.com/features/codespaces},
	abstract = {{GitHub} Codespaces gets you up and coding faster with fully configured, secure cloud development environments native to {GitHub}.},
	titleaddon = {{GitHub}},
	urldate = {2025-01-11},
	date = {2025},
	langid = {english},
	file = {Snapshot:/home/fxbse/Zotero/storage/X78USIWC/codespaces.html:text/html},
}

@online{noauthor_multi-user_nodate,
	title = {Multi-User Mode - Nix Reference Manual},
	url = {https://nix.dev/manual/nix/2.18/installation/multi-user.html#running-the-daemon},
	urldate = {2025-01-11},
	file = {Multi-User Mode - Nix Reference Manual:/home/fxbse/Zotero/storage/6676B335/multi-user.html:text/html},
}

@online{noauthor_flakes_nodate,
	title = {Flakes - {NixOS} Wiki},
	url = {https://wiki.nixos.org/wiki/Flakes},
	urldate = {2025-01-11},
	file = {Flakes - NixOS Wiki:/home/fxbse/Zotero/storage/ESFM4AZK/Flakes.html:text/html},
}

@software{noauthor_hannah-stentexify-idea_2025,
	title = {Hannah-Sten/{TeXiFy}-{IDEA}},
	rights = {{MIT}},
	url = {https://github.com/Hannah-Sten/TeXiFy-IDEA},
	abstract = {{LaTeX} support for the {IntelliJ} platform by {JetBrains}.},
	publisher = {Hannah-Sten},
	urldate = {2025-01-11},
	date = {2025-01-10},
	note = {original-date: 2016-07-01T14:31:08Z},
	keywords = {idea, intellij, intellij-platform, intellij-plugin, jetbrains, latex, latex-editor, texify},
}

@online{noauthor_nix_nodate,
	title = {Nix doesn't work in Github Codespaces · Issue \#6680 · {NixOS}/nix},
	url = {https://github.com/NixOS/nix/issues/6680},
	abstract = {Describe the bug Using the default Codespaces environment/image without any configuration, it is possible to install Nix in single-user mode using the sh {\textless}(curl -L https://nixos.org/nix/install) --...},
	titleaddon = {{GitHub}},
	urldate = {2025-01-12},
	langid = {english},
	file = {Snapshot:/home/fxbse/Zotero/storage/NNHMZ3W5/6680.html:text/html},
}

@online{noauthor_development_nodate,
	title = {Development containers},
	url = {https://containers.dev/},
	urldate = {2025-01-12},
	file = {Development containers:/home/fxbse/Zotero/storage/F8S867ZD/containers.dev.html:text/html},
}
